<record><leader>00000cas a22000007a 4500</leader><controlfield tag="001">15681126</controlfield><controlfield tag="008">870513d18641866pauwr ne      0    0eng d</controlfield><datafield ind1=" " ind2=" " tag="010"><subfield code="a">sn 87078210 </subfield></datafield><datafield ind1=" " ind2=" " tag="040"><subfield code="a">NPH</subfield><subfield code="b">eng</subfield><subfield code="c">NPH</subfield><subfield code="d">OCLCQ</subfield></datafield><datafield ind1=" " ind2=" " tag="042"><subfield code="a">msc</subfield></datafield><datafield ind1="0" ind2=" " tag="130"><subfield code="a">New era (Blairsville, Pa.)</subfield></datafield><datafield ind1="1" ind2="4" tag="245"><subfield code="a">The new era.</subfield></datafield><datafield ind1=" " ind2=" " tag="260"><subfield code="a">Blairsville, Indiana County, Pa. :</subfield><subfield code="b">W.R. Boyers</subfield></datafield><datafield ind1=" " ind2=" " tag="300"><subfield code="a">v.</subfield></datafield><datafield ind1=" " ind2=" " tag="310"><subfield code="a">Weekly</subfield></datafield><datafield ind1="1" ind2=" " tag="362"><subfield code="a">Began in Dec. 1864; ceased in 1866.</subfield><subfield code="z">Cf. Rossell, G. Pa. newspapers.</subfield></datafield><datafield ind1=" " ind2=" " tag="580"><subfield code="a">Paper purchased and discontinued by publisher of Blairsville press.</subfield></datafield><datafield ind1=" " ind2=" " tag="588"><subfield code="a">Description based on: Vol. 1, no. 48 (Sept. 2, 1865).</subfield></datafield><datafield ind1=" " ind2=" " tag="752"><subfield code="a">United States</subfield><subfield code="b">Pennsylvania</subfield><subfield code="c">Indiana</subfield><subfield code="d">Blairsville.</subfield></datafield><datafield ind1="1" ind2=" " tag="787"><subfield code="t">Blairsville press</subfield><subfield code="w">(DLC)sn 87078209</subfield></datafield></record>